incollection{aer08current,
  title={The current status of asteroseismology},
  author={Aerts, Conny and Christensen-Dalsgaard, J{\o}rgen and Cunha, M and Kurtz, Donald W},
  booktitle={Helioseismology, Asteroseismology, and MHD Connections},
  pages={3--20},
  year={2008},
  publisher={Springer}
}

@article{grevesse1998standard,
  title={Standard solar composition},
  author={Grevesse, N and Sauval, AJ},
  journal={Space Science Reviews},
  volume={85},
  number={1-2},
  pages={161--174},
  year={1998},
  publisher={Springer}
}

@book{kippenhahn1990stellar,
  title={Stellar structure and evolution},
  author={Kippenhahn, Rudolf and Weigert, Alfred and Weiss, Achim},
  volume={282},
  year={1990},
  publisher={Springer}
}

@article{chandrasekhar1967introduction,
  title={An introduction to the study of stellar structure},
  author={Chandrasekhar, Subrahmanyan},
  journal={New York: Dover, 1967},
  year={1967}
}

@book{cox1968principles,
  title={Principles of stellar structure. 1. Physical principles},
  author={Cox, John P},
  year={1968},
  publisher={Gordon and Breach}
}


@article{asplund2005new,
  title={New light on stellar abundance analyses: departures from LTE and homogeneity},
  author={Asplund, Martin},
  journal={Annu. Rev. Astron. Astrophys.},
  volume={43},
  pages={481--530},
  year={2005},
  publisher={Annual Reviews}
}

@article{lodders2003solar,
  title={Solar system abundances and condensation temperatures of the elements},
  author={Lodders, Katharina},
  journal={The Astrophysical Journal},
  volume={591},
  number={2},
  pages={1220},
  year={2003},
  publisher={IOP Publishing}
}

@incollection{lodders20094,
  title={4.4 Abundances of the elements in the Solar System},
  author={Lodders, K and Palme, H and Gail, H-P},
  booktitle={Solar system},
  pages={712--770},
  year={2009},
  publisher={Springer}
}


@article{rhodesmeasurements,
  title={Measurements of frequencies of solar oscillations from the MDI medium-l program},
  author={Rhodes jr, EJ and KOSOVICHEV, AG and SCHOU, J and SCHERRER, PH and REITER, J},
  year={1997},
}

@article{basu2016global,
  title={Global seismology of the Sun},
  author={Basu, Sarbani},
  journal={Living Reviews in Solar Physics},
  volume={13},
  number={1},
  pages={2},
  year={2016},
  publisher={Springer}
}

@article{christensen1997effects,
  title={Effects of convection on the mean solar structure},
  author={Christensen-Dalsgaard, J{\o}Rgen},
  journal={arXiv preprint astro-ph/9702104},
  year={1997}
}


@article{ant94nonasymptotic,
  title={Nonasymptotic helioseismic inversion for solar structure.},
  author={Antia, HM and Basu, S},
  journal={Astronomy and Astrophysics Supplement Series},
  volume={107},
  pages={421--444},
  year={1994}
}

@article{bahcall2005new,
  title={New solar opacities, abundances, helioseismology, and neutrino fluxes},
  author={Bahcall, John N and Serenelli, Aldo M and Basu, Sarbani},
  journal={The Astrophysical Journal Letters},
  volume={621},
  number={1},
  pages={L85},
  year={2005},
  publisher={IOP Publishing}
}

@article{villante2014chemical,
  title={The chemical composition of the Sun from helioseismic and solar neutrino data},
  author={Villante, Francesco L and Serenelli, Aldo M and Delahaye, Franck and Pinsonneault, Marc H},
  journal={The Astrophysical Journal},
  volume={787},
  number={1},
  pages={13},
  year={2014},
  publisher={IOP Publishing}
}

@article{adelberger2011solar,
  title={Solar fusion cross sections. II. The p p chain and CNO cycles},
  author={Adelberger, Eric G and Garc{\'\i}a, A and Robertson, RG Hamish and Snover, KA and Balantekin, AB and Heeger, K and Ramsey-Musolf, MJ and Bemmerer, D and Junghans, A and Bertulani, CA and others},
  journal={Reviews of Modern Physics},
  volume={83},
  number={1},
  pages={195},
  year={2011},
  publisher={APS}
}

@article{asplund2009chemical,
  title={The chemical composition of the Sun},
  author={Asplund, Martin and Sauval, A Jacques and Scott, Pat and Grevesse, Nicolas},
  journal={Ann. Rev. Astron. Astrophys.},
  volume={47},
  number={arXiv: 0909.0948},
  pages={481--522},
  year={2009}
}

@article{caffau2011solar,
  title={Solar chemical abundances determined with a CO5BOLD 3D model atmosphere},
  author={Caffau, Elisabetta and Ludwig, H-G and Steffen, Matthias and Freytag, Bernd and Bonifacio, Piercarlo},
  journal={Solar Physics},
  volume={268},
  number={2},
  pages={255--269},
  year={2011},
  publisher={Springer}
}

@article{bah04accurately,
  title={How accurately can we calculate the depth of the solar convective zone?},
  author={Bahcall, John N and Serenelli, Aldo M and Pinsonneault, Marc},
  journal={The Astrophysical Journal},
  volume={614},
  number={1},
  pages={464},
  year={2004},
  publisher={IOP Publishing}
}

@article{trampedach2006synoptic,
  title={A synoptic comparison of the Mihalas-Hummer-D{\"a}ppen and OPAL equations of state},
  author={Trampedach, R and D{\"a}ppen, W and Baturin, VA},
  journal={The Astrophysical Journal},
  volume={646},
  number={1},
  pages={560},
  year={2006},
  publisher={IOP Publishing}
}

@article{basu2008helioseismology,
  title={Helioseismology and solar abundances},
  author={Basu, Sarbani and Antia, HM},
  journal={Physics Reports},
  volume={457},
  number={5},
  pages={217--283},
  year={2008},
  publisher={Elsevier}
}

@article{BP2000,
  title={Solar models: Current epoch and time dependences, neutrinos, and helioseismological properties},
  author={Bahcall, John N and Pinsonneault, MH and Basu, Sarbani},
  journal={The Astrophysical Journal},
  volume={555},
  number={2},
  pages={990},
  year={2001},
  publisher={IOP Publishing}
}

@article{braginskii1965transport,
  title={Transport processes in a plasma},
  author={Braginskii, SI},
  journal={Reviews of plasma physics},
  volume={1},
  pages={205},
  year={1965}
}

@article{christensen1988solar,
  title={Solar oscillation frequencies and the equation of state},
  author={Christensen-Dalsgaard, J and D{\"a}ppen, W and Lebreton, Y},
  journal={Nature},
  volume={336},
  number={6200},
  pages={634--638},
  year={1988},
  publisher={Springer}
}

@article{rogers1986occupation,
  title={Occupation numbers for reacting plasmas-The role of the Planck-Larkin partition function},
  author={Rogers, FJ},
  journal={The Astrophysical Journal},
  volume={310},
  pages={723--728},
  year={1986}
}

@article{bahcall1995solar,
  title={Solar models with helium and heavy-element diffusion},
  author={Bahcall, John N and Pinsonneault, MH and Wasserburg, GJ},
  journal={Reviews of Modern Physics},
  volume={67},
  number={4},
  pages={781},
  year={1995},
  publisher={APS}
}

@article{bruggen1997electrostatic,
  title={On electrostatic screening of ions in astrophysical plasmas},
  author={Br{\"u}ggen, M and Gough, DO},
  journal={The Astrophysical Journal},
  volume={488},
  number={2},
  pages={867},
  year={1997},
  publisher={IOP Publishing}
}


@article{hummer1988equation,
  title={The equation of state for stellar envelopes. I-an occupation probability formalism for the truncation of internal partition functions},
  author={Hummer, DG and Mihalas, Dimitri},
  journal={The Astrophysical Journal},
  volume={331},
  pages={794--814},
  year={1988}
}


@article{mamajek2015iau,
  title={IAU 2015 resolution B3 on recommended nominal conversion constants for selected solar and planetary properties},
  author={Mamajek, EE and Prsa, A and Torres, G and Harmanec, P and Asplund, M and Bennett, PD and Capitaine, N and Christensen-Dalsgaard, J and Depagne, E and Folkner, WM and others},
  journal={arXiv preprint arXiv:1510.07674},
  year={2015}
}


@article{bahcall1990element,
  title={Element diffusion in stellar interiors},
  author={Bahcall, John N and Loeb, Abraham},
  journal={The Astrophysical Journal},
  volume={360},
  pages={267--274},
  year={1990}
}


@article{thoul1993element,
  title={Element diffusion in the solar interior},
  author={Thoul, Anne A and Bahcall, John N and Loeb, Abraham},
  journal={arXiv preprint astro-ph/9304005},
  year={1993}
}


article{bahcall1982standard,
  title={Standard solar models and the uncertainties in predicted capture rates of solar neutrinos},
  author={Bahcall, John N and Huebner, Walter F and Lubow, Stephen H and Parker, Peter D and Ulrich, Roger K},
  journal={Reviews of Modern Physics},
  volume={54},
  number={3},
  pages={767},
  year={1982},
  publisher={APS}
}

@article{bahcall95diffusion,
  title={Solar models with helium and heavy-element diffusion},
  author={Bahcall, John N and Pinsonneault, MH and Wasserburg, GJ},
  journal={Reviews of Modern Physics},
  volume={67},
  number={4},
  pages={781},
  year={1995},
  publisher={APS}
}

@article{bla11opacity,
  title={Solar mixture opacity calculations using detailed configuration and level accounting treatments},
  author={Blancard, Christophe and Coss{\'e}, Philippe and Faussurier, G{\'e}rald},
  journal={The Astrophysical Journal},
  volume={745},
  number={1},
  pages={10},
  year={2011},
  publisher={IOP Publishing}
}

@article{boothroyd2003our,
  title={Our Sun. IV. The standard model and helioseismology: consequences of uncertainties in input physics and in observed solar parameters},
  author={Boothroyd, Arnold I and Sackmann, I-Juliana},
  journal={The Astrophysical Journal},
  volume={583},
  number={2},
  pages={1004},
  year={2003},
  publisher={IOP Publishing}
}

article{bro76oscillations,
  title={Observation of free oscillations of the Sun},
  author={Brookes, JR and Isaak, GR and Van der Raay, HB},
  journal={Nature},
  volume={259},
  pages={92--95},
  year={1976}
}

@article{brookes1978resonant,
  title={A resonant-scattering solar spectrometer},
  author={Brookes, JR and Isaak, GR and van der Raay, HB},
  journal={Monthly Notices of the Royal Astronomical Society},
  volume={185},
  number={1},
  pages={1--18},
  year={1978},
  publisher={Oxford University Press}
}


book{ber03solar,
  title={Physics of the solar system: dynamics and evolution, space physics, and spacetime structure},
  author={Bertotti, Bruno and Farinella, Paolo and Vokrouhlick{\`y}, David},
  volume={293},
  year={2003},
  publisher={Springer Science \& Business Media}
}

@article{cas99helioseismology,
  title={Helioseismology, solar models and neutrino fluxes},
  author={Castellani, V and Degl'Innocenti, S and Dziembowski, WA and Fiorentini, G and Ricci, B},
  journal={Nuclear Physics B-Proceedings Supplements},
  volume={70},
  number={1},
  pages={301--314},
  year={1999},
  publisher={Elsevier}
}

article{cas68phaselag,
  title={A simplified picture of the Cepheid phase lag},
  author={Castor, John I},
  journal={The Astrophysical Journal},
  volume={154},
  pages={793},
  year={1968}
}

@article{graboske1973screening,
  title={Screening Factors for Nuclear Reactions. II. Intermediate Screen-Ing and Astrophysical Applications},
  author={Graboske, HC and Dewitt, HE and Grossman, AS and Cooper, MS},
  journal={The Astrophysical Journal},
  volume={181},
  pages={457--474},
  year={1973}
}

@article{ulrich1988solar,
  title={Solar rotation measurements at Mount Wilson},
  author={Ulrich, Roger K and Boyden, John E and Webster, Larry and Snodgrass, Herschel B and Padilla, Steven P and Gilman, Pamela and Shieber, Tom},
  journal={Solar Physics},
  volume={117},
  number={2},
  pages={291--328},
  year={1988},
  publisher={Springer}
}

@article{carraro1988dynamic,
  title={Dynamic screening of thermonuclear reactions},
  author={Carraro, C and Schafer, A and Koonin, SE},
  journal={The Astrophysical Journal},
  volume={331},
  pages={565--571},
  year={1988}
}

@article{mitler1977thermonuclear,
  title={Thermonuclear ion-electron screening at all densities. I-Static solution},
  author={Mitler, HE},
  journal={The Astrophysical Journal},
  volume={212},
  pages={513--532},
  year={1977}
}


@techreport{appourchaux2011crash,
  title={A crash course on data analysis in asteroseismology},
  author={Appourchaux, Thierry},
  year={2011}
}

@article{antia1994nonasymptotic,
  title={Nonasymptotic helioseismic inversion for solar structure.},
  author={Antia, HM and Basu, S},
  journal={Astronomy and Astrophysics Supplement Series},
  volume={107},
  year={1994}
}


@article{chr02helioseismology,
  title={Helioseismology},
  author={Christensen-Dalsgaard, J},
  journal={arXiv preprint astro-ph/0207403},
  year={2002}
}

@article{chr92solar,
  title={Solar oscillations and the equation of state},
  author={Christensen-Dalsgaard, J{\o}rgen and D{\"a}ppen, Werner},
  journal={The Astronomy and Astrophysics Review},
  volume={4},
  number={3},
  pages={267--361},
  year={1992},
  publisher={Springer}
}

@article{Cha64Variational,
   author = {{Chandrasekhar}, S.},
    title = "{A General Variational Principle Governing the Radial and the Non-Radial Oscillations of Gaseous Masses.}",
  journal = {\apj},
     year = 1964,
    month = feb,
   volume = 139,
    pages = {664},
      doi = {10.1086/147792},
   adsurl = {http://adsabs.harvard.edu/abs/1964ApJ...139..664C},
  adsnote = {Provided by the SAO/NASA Astrophysics Data System}
}

@article{chr92phase,
  title={The phase function for stellar acoustic oscillations--I. Theory},
  author={Christensen-Dalsgaard, J and Hern\'{a}ndez, F P\'{e}rez},
  journal={Monthly Notices of the Royal Astronomical Society},
  volume={257},
  number={1},
  pages={62--88},
  year={1992},
  publisher={Oxford University Press}
}

article{chr97effects,
  title={Effects of convection on the mean solar structure},
  author={Christensen-Dalsgaard, J},
  journal={arXiv preprint astro-ph/9702104},
  year={1997}
}

@article{christensen1985speed,
  title={Speed of sound in the solar interior},
  author={Christensen-Dalsgaard, J and Duvall Jr, TL and Gough, DO and Harvey, JW and Rhodes Jr, EJ},
  journal={Nature},
  volume={315},
  pages={378--382},
  year={1985}
}

@article{christensen1991depth,
  title={The depth of the solar convection zone},
  author={Christensen-Dalsgaard, J and Gough, DO and Thompson, MJ},
  journal={The Astrophysical Journal},
  volume={378},
  pages={413--437},
  year={1991}
}

article{cun07asteroseismology,
  title={Asteroseismology and interferometry},
  author={Cunha, Margarida S and Aerts, Conny and Christensen-Dalsgaard, J{\o}rgen and Baglin, A and Bigot, Lionel and Brown, TM and Catala, C and Creevey, OL and De Souza, A Domiciano and Eggenberger, P and others},
  journal={The Astronomy and Astrophysics Review},
  volume={14},
  number={3-4},
  pages={217--360},
  year={2007},
  publisher={Springer}
}

@article{cla79solar,
  title={Solar structure from global studies of the 5-minute oscillation},
  author={Claverie, A and Isaak, GR and McLeod, CP and van der Raay, HB and Cortes, TR},
  journal={Nature},
  volume={282},
  pages={591--594},
  year={1979}
}

@article{cowling1970approximate,
  title={Approximate theories of thermal diffusion},
  author={Cowling, TG},
  journal={Journal of Physics A: General Physics},
  volume={3},
  number={6},
  pages={774},
  year={1970},
  publisher={IOP Publishing}
}

@article{cow41oscillations,
  title={The non-radial oscillations of polytropic stars},
  author={Cowling, TG},
  journal={Monthly Notices of the Royal Astronomical Society},
  volume={101},
  pages={367},
  year={1941}
}

@article{deg97helioseismology,
  title={Helioseismology and standard solar models},
  author={Degl'Innoccenti, S and Dziembowski, WA and Fiorentini, G and Ricci, B},
  journal={Astroparticle Physics},
  volume={7},
  number={1},
  pages={77--95},
  year={1997},
  publisher={Elsevier}
}

article{deu79solar,
  title={Solar p-mode oscillations as a tracer of radial differential rotation},
  author={Deubner, F-L and Ulrich, Roger K and Rhodes Jr, EJ},
  journal={Astronomy and Astrophysics},
  volume={72},
  pages={177--185},
  year={1979}
}

@article{basu2008helioseismology,
  title={Helioseismology and solar abundances},
  author={Basu, Sarbani and Antia, HM},
  journal={Physics Reports},
  volume={457},
  number={5},
  pages={217--283},
  year={2008},
  publisher={Elsevier}
}

@article{deu75observations,
  title={Observations of low wavenumber nonradial eigenmodes of the Sun},
  author={Deubner, F-L},
  journal={Astronomy and Astrophysics},
  volume={44},
  pages={371--375},
  year={1975}
}

@article{duv82dispersion,
  title={A dispersion law for solar oscillations},
  author={Duvall Jr, TL},
  journal={nature},
  volume={300},
  pages={242},
  year={1982}
}

@article{christensen1991solar,
  title={Solar oscillations and the physics of the solar interior},
  author={Christensen-Dalsgaard, J{\o}rgen},
  journal={Challenges to theories of the structure of moderate-mass stars},
  pages={11--36},
  year={1991},
  publisher={Springer}
}


@MISC{dal03notes,
    author = {J{\o}rgen Christensen-Dalsgaard},
    title = {Lecture Notes on Stellar Oscillations},
    year = {2003},
    url={http://users-phys.au.dk/jcd/oscilnotes/}
}

book{edd26internal,
  title={The internal constitution of the stars},
  author={Eddington, Arthur S and Eddington, Arthur Stanley},
  year={1926},
  publisher={Cambridge University Press}
}

@article{ell95opacity,
  title={Opacity determination in the solar radiative interior},
  author={Elliott, JR},
  journal={Monthly Notices of the Royal Astronomical Society},
  volume={277},
  number={4},
  pages={1567--1579},
  year={1995},
  publisher={Oxford University Press}
}

@article{ell98adiabatic,
  title={The adiabatic exponent in the solar core},
  author={Elliott, JR and Kosovichev, AG},
  journal={The Astrophysical Journal Letters},
  volume={500},
  number={2},
  pages={L199},
  year={1998},
  publisher={IOP Publishing}
}

@inproceedings{ell98relativistic,
  title={Relativistic Effects in the Solar Equation of State},
  author={Elliott, JR and Kosovichev, AG},
  booktitle={Structure and Dynamics of the Interior of the Sun and Sun-like Stars},
  volume={418},
  pages={453},
  year={1998}
}

techreport{gau03history,
  title={The history of radial stellar pulsation theory},
  author={Gautschy, Alfred},
  year={2003},
  institution={ETH-Bibliothek (Z{\"u}rich)}
}

article{gio78magnetic,
year={1978},
issn={0038-0938},
journal={Solar Physics},
volume={59},
number={1},
doi={10.1007/BF00154931},
title={Motions in solar magnetic tubes},
url={http://dx.doi.org/10.1007/BF00154931},
publisher={Kluwer Academic Publishers},
author={Giovanelli, R.G. and Nikolsky, G.M. and Harvey, J.W.},
pages={49-64},
language={English}
}

@article{gou91seismic,
  title={Seismic observations of the solar interior},
  author={Gough, Douglas and Toomre, Juri},
  journal={Annual Review of Astronomy and Astrophysics},
  volume={29},
  pages={627--685},
  year={1991}
}

@article{gou76convection,
  title={The calibration of stellar convection theories},
  author={Gough, DO and Weiss, NO},
  journal={Monthly Notices of the Royal Astronomical Society},
  volume={176},
  number={3},
  pages={589--607},
  year={1976},
  publisher={Oxford University Press}
}

article{hagen21variablestars,
  title={The astrophysical problem of variable stars},
  author={Hagen, JG},
  journal={Monthly Notices of the Royal Astronomical Society},
  volume={81},
  pages={226--228},
  year={1921}
}

book{han12stellar,
  title={Stellar interiors: physical principles, structure, and evolution},
  author={Hansen, Carl J and Kawaler, Steven D and Trimble, Virginia},
  year={2012},
  publisher={Springer Science \& Business Media}
}

article{hill78long,
  title={Long-period oscillations of the apparent solar diameter-Observations},
  author={Brown, TM and Stebbins, RT and Hill, HA},
  journal={The Astrophysical Journal},
  volume={223},
  pages={324--338},
  year={1978}
}

incollection{jor81sun,
  title={The Sun as a star},
  author={Leibacher, JW and Stein, RF and Jordan, S},
  booktitle={NASA-CNRS Monograph Series on Nonthermal Phenomena in Stellar Atmospheres,},
  pages={263--287},
  year={1981}
}

@book{kip90stellar,
  title={Stellar structure and evolution},
  author={Kippenhahn, Rudolf and Weigert, Alfred and Weiss, Achim},
  volume={44},
  year={1990},
  publisher={Springer}
}

@article{lei62velocity,
  title={Velocity Fields in the Solar Atmosphere. I. Preliminary Report.},
  author={Leighton, Robert B and Noyes, Robert W and Simon, George W},
  journal={The Astrophysical Journal},
  volume={135},
  pages={474},
  year={1962}
}

@article{lan59fluid,
  title={Fluid mechanics. 1959},
  author={Landau, LD and Lifshitz, EM},
  journal={Course of Theoretical Physics},
  year={1959}
}

article{lea12periods,
  title={Periods of 25 Variable Stars in the Small Magellanic Cloud.},
  author={Leavitt, Henrietta S and Pickering, Edward C},
  journal={Harvard College Observatory Circular},
  volume={173},
  pages={1--3},
  year={1912}
}

@article{lam09waves,
  title={On the theory of waves propagated vertically in the atmosphere},
  author={Horace, Lamb},
  journal={Proceedings of the London Mathematical Society},
  volume={2},
  number={1},
  pages={122--141},
  year={1909},
  publisher={Oxford University Press}
}

@article{houdek2006stochastic,
  title={Stochastic excitation and damping of solar-type oscillations},
  author={Houdek, G},
  journal={arXiv preprint astro-ph/0612024},
  year={2006}
}

@incollection{ledoux1958variable,
  title={Variable stars},
  author={Ledoux, Paul and Walraven, Th},
  booktitle={Astrophysics II: Stellar Structure/Astrophysik II: Sternaufbau},
  pages={353--604},
  year={1958},
  publisher={Springer}
}

@article{libbrecht1988solar,
  title={Solar p-mode phenomenology},
  author={Libbrecht, KG},
  journal={The Astrophysical Journal},
  volume={334},
  pages={510--516},
  year={1988}
}

@article{prandtl25tur,
  title={Bericht {\"u}ber Untersuchungen zur ausgebildeten Turbulenz},
  author={Prandtl, Ludwig},
  journal={Z. Angew. Math. Mech},
  volume={5},
  number={2},
  pages={136--139},
  year={1925}
}

@article{rhodes1979new,
  title={A new technique for measuring solar rotation},
  author={Rhodes Jr, Edward J and Ulrich, RK and Deubner, F-L},
  journal={The Astrophysical Journal},
  volume={227},
  pages={629--637},
  year={1979}
}

@article{ric97helioseismic,
  title={Helioseismic constraints to the central solar temperature and neutrino fluxes},
  author={Ricci, B and Berezinsky, V and Degl'Innocenti, S and Dziembowski, WA and Fiorentini, G},
  journal={Physics Letters B},
  volume={407},
  number={2},
  pages={155--160},
  year={1997},
  publisher={Elsevier}
}

@article{schou1994comparing,
  title={On comparing helioseismic two-dimensional inversion methods},
  author={Schou, J and Christensen-Dalsgaard, J and Thompson, MJ},
  keywords={tesi,rotation,2D,1.5D,kernels,kernel width,resolution,splitting,tesi},
  journal={The Astrophysical Journal},
  volume={433},
  pages={389--416},
  year={1994}
}


article{ste74waves,
  title={Waves in the solar atmosphere},
  author={Stein, Robert F and Leibacher, John},
  journal={Annual Review of Astronomy and Astrophysics},
  volume={12},
  pages={407--435},
  year={1974}
}

@article{stein71five,
  title={A new description of the solar five-minute oscillation},
  author={Leibacher, JW and Stein, RFi},
  journal={Astrophysical Letters},
  volume={7},
  pages={191--192},
  year={1971}
}

@article{haberreiter2008solving,
  title={Solving the discrepancy between the seismic and photospheric solar radius},
  author={Haberreiter, Margit and Schmutz, W and Kosovichev, AG},
  journal={The Astrophysical Journal Letters},
  volume={675},
  number={1},
  pages={L53},
  year={2008},
  publisher={IOP Publishing},
  addendum={Radisu from f-modes inversion vs photospheric radiussxcc}
}

article{sha14nature,
  title={On the nature and cause of Cepheid variation},
  author={Shapley, Harlow},
  journal={The Astrophysical Journal},
  volume={40},
  pages={448},
  year={1914}
}

@article{staiger1987observations,
  title={Observations of oscillatory phase-shifts with diode arrays},
  author={Staiger, J},
  journal={Astronomy and Astrophysics},
  volume={175},
  pages={263--270},
  year={1987}
}


@article{stix91sun,
  title={The Sun. an Introduction},
  author={Stix, Michael},
  journal={The Sun. An Introduction, XIII, 390 pp. 192 figs.. Springer-Verlag Berlin Heidelberg New York. Also Astronomy and Astrophysics Library},
  volume={1},
  year={1991}
}


article{tol63waves,
  title={The theory of waves in stratified fluids including the effects of gravity and rotation},
  author={Tolstoy, Ivan},
  journal={Reviews of Modern Physics},
  volume={35},
  number={1},
  pages={207},
  year={1963},
  publisher={APS}
}

@article{ulrich70five,
  title={The five-minute oscillations on the solar surface},
  author={Ulrich, Roger K},
  journal={The Astrophysical Journal},
  volume={162},
  pages={993},
  year={1970}
}

@article{vitense53kon,
  title={Die Wasserstoffkonvektionszone der Sonne. Mit 11 Textabbildungen},
  author={Vitense, Erika},
  journal={Zeitschrift fur Astrophysik},
  volume={32},
  pages={135},
  year={1953}
}

@article{ricci1995screening,
  title={Screening of nuclear reactions in the Sun and solar neutrinos},
  author={Ricci, B and Degl’Innocenti, S and Fiorentini, G},
  journal={Physical Review C},
  volume={52},
  number={2},
  pages={1095},
  year={1995},
  publisher={APS}
}

@article{wam88hydrogen,
  title={Hydrogen-helium-diffusion in solar models},
  author={Wambsganss, J},
  journal={Astronomy and Astrophysics},
  volume={205},
  pages={125--128},
  year={1988}
}
